@inproceedings{RoxyBot,
  doi = {10.1613/jair.2904},
  author = {Greenwald, A. and Lee, S. and Naroditskiy, V.},
  booktitle = {Journal of Artificial Intelligence Research},
  year = {2009},
  volume = {36},
  pages = {513--546},
  title = {{RoxyBot-06: Stochastic Prediction and Optimization in TAC Travel}},
}
